
<record><recordSchema>info:srw/schema/1/marcxml-v1.1</recordSchema><recordPacking>xml</recordPacking><recordData>
<record type="Bibliographic" xmlns:slim="http://www.loc.gov/MARC21/slim">
  <leader>00785nas a2200277 c 4500</leader>
  <controlfield tag="001">987874829</controlfield>
  <datafield ind1="1" ind2="0" tag="245">
    <subfield code="a">Code4Lib journal</subfield>
    <subfield code="h">Elektronische Ressource</subfield>
    <subfield code="b">C4LJ</subfield>
  </datafield>
</record>
</recordData><recordPosition>2</recordPosition></record>