
<record><recordSchema>info:srw/schema/1/marcxml-v1.1</recordSchema><recordPacking>xml</recordPacking><recordData>
<slim:record type="Bibliographic" xmlns:slim="http://www.loc.gov/MARC21/slim">
  <slim:leader>00785nas a2200277 c 4500</slim:leader>
  <slim:controlfield tag="001">987874829</slim:controlfield>
  <slim:datafield ind1="1" ind2="0" tag="245">
    <slim:subfield code="a">Code4Lib journal</slim:subfield>
    <slim:subfield code="h">Elektronische Ressource</slim:subfield>
    <slim:subfield code="b">C4LJ</slim:subfield>
  </slim:datafield>
</slim:record>
</recordData><recordPosition>3</recordPosition></record>