
<record><recordSchema>info:srw/schema/1/marcxml-v1.1</recordSchema><recordPacking>xml</recordPacking><recordData>
<marc:record type="Bibliographic" xmlns:marc="http://www.loc.gov/MARC21/slim">
  <marc:leader>00785nas a2200277 c 4500</marc:leader>
  <marc:controlfield tag="001">987874829</marc:controlfield>
  <marc:datafield ind1="1" ind2="0" tag="245">
    <marc:subfield code="a">Code4Lib journal</marc:subfield>
    <marc:subfield code="h">Elektronische Ressource</marc:subfield>
    <marc:subfield code="b">C4LJ</marc:subfield>
  </marc:datafield>
</marc:record>
</recordData><recordPosition>4</recordPosition></record>
</records>

<extraResponseData></extraResponseData> 
<echoedSearchRetrieveRequest><version>1.1</version><query>code4lib</query><startRecord>1</startRecord><maximumRecords>10</maximumRecords><recordSchema>marcxml</recordSchema><xQuery><searchClause xmlns="http://www.loc.gov/zing/cql/xcql/"><index>srw.ServerChoice</index><relation><value>scr</value></relation><term>code4lib</term></searchClause></xQuery></echoedSearchRetrieveRequest>
</searchRetrieveResponse>
